<?xml version="1.0" encoding="UTF-8"?><collection xmlns="http://www.loc.gov/MARC21/slim"><record><leader>00356nam--2200145-i-4500</leader><controlfield tag="001">000014930</controlfield><controlfield tag="002">20161230</controlfield><controlfield tag="005">20161230201031</controlfield><controlfield tag="008">060222s1000------------r-----000-0-eng-d</controlfield><datafield ind1=" " ind2=" " tag="080"><subfield code="a">539.141</subfield></datafield><datafield ind1=" " ind2=" " tag="100"><subfield code="a">Brink, D.M</subfield></datafield><datafield ind1=" " ind2=" " tag="245"><subfield code="a">Nuclear forces</subfield></datafield><datafield ind1=" " ind2=" " tag="260"><subfield code="a">Oxford, Pergamon Press, 1965 Viii + 232 P</subfield></datafield><datafield ind1=" " ind2=" " tag="490"><subfield code="a">Selected Readings In Physics</subfield></datafield><datafield ind1=" " ind2=" " tag="852"><subfield code="a">25058</subfield></datafield></record></collection>